<record><leader>00000cas a2200000 a 4500</leader><controlfield tag="001">29231711</controlfield><controlfield tag="008">931101u1912uuuufluwr ne      0    0eng c</controlfield><datafield ind1=" " ind2=" " tag="010"><subfield code="a">sn 93063961 </subfield></datafield><datafield ind1=" " ind2=" " tag="040"><subfield code="a">NYS</subfield><subfield code="b">eng</subfield><subfield code="c">NYS</subfield><subfield code="d">FUG</subfield><subfield code="d">OCLCQ</subfield><subfield code="d">OCLCF</subfield><subfield code="d">OCLCO</subfield></datafield><datafield ind1=" " ind2=" " tag="012"><subfield code="i">9602</subfield></datafield><datafield ind1="1" ind2=" " tag="029"><subfield code="a">AU@</subfield><subfield code="b">000025880838</subfield></datafield><datafield ind1=" " ind2=" " tag="042"><subfield code="a">pcc</subfield></datafield><datafield ind1=" " ind2=" " tag="043"><subfield code="a">n-us-fl</subfield></datafield><datafield ind1="0" ind2="4" tag="245"><subfield code="a">The Largo sentinel.</subfield></datafield><datafield ind1="1" ind2=" " tag="246"><subfield code="i">Sometimes published as:</subfield><subfield code="a">Sentinel</subfield></datafield><datafield ind1=" " ind2=" " tag="260"><subfield code="a">Largo, Fla. :</subfield><subfield code="b">A.R. Nason</subfield></datafield><datafield ind1=" " ind2=" " tag="300"><subfield code="a">v.</subfield></datafield><datafield ind1=" " ind2=" " tag="310"><subfield code="a">Weekly</subfield></datafield><datafield ind1="1" ind2=" " tag="362"><subfield code="a">Began in 1912.</subfield><subfield code="z">Cf. Gregory, W. Amer. newspapers, 1937.</subfield></datafield><datafield ind1=" " ind2=" " tag="500"><subfield code="a">"Official organ of the Lake Largo-Cross Bayou District."</subfield></datafield><datafield ind1=" " ind2=" " tag="525"><subfield code="a">Has supplement: Largo hi-times, &lt;1930&gt;.</subfield></datafield><datafield ind1=" " ind2=" " tag="588"><subfield code="a">Description based on: Vol. 1, no. 2 (Mar. 21, 1912).</subfield></datafield><datafield ind1=" " ind2=" " tag="588"><subfield code="a">Latest issue consulted: 73rd year, no. 52 (Dec. 27, 1984).</subfield></datafield><datafield ind1=" " ind2="0" tag="651"><subfield code="a">Largo (Fla.)</subfield><subfield code="v">Newspapers.</subfield></datafield><datafield ind1=" " ind2="0" tag="651"><subfield code="a">Pinellas County (Fla.)</subfield><subfield code="v">Newspapers.</subfield></datafield><datafield ind1=" " ind2="7" tag="655"><subfield code="a">Newspapers.</subfield><subfield code="2">fast</subfield><subfield code="0">(OCoLC)fst01423814</subfield></datafield><datafield ind1=" " ind2="7" tag="651"><subfield code="a">Florida</subfield><subfield code="z">Largo.</subfield><subfield code="2">fast</subfield><subfield code="0">(OCoLC)fst01209100</subfield></datafield><datafield ind1=" " ind2="7" tag="651"><subfield code="a">Florida</subfield><subfield code="z">Pinellas County.</subfield><subfield code="2">fast</subfield><subfield code="0">(OCoLC)fst01209407</subfield></datafield><datafield ind1="0" ind2="2" tag="740"><subfield code="a">Largo hi-times.</subfield></datafield><datafield ind1=" " ind2=" " tag="752"><subfield code="a">United States</subfield><subfield code="b">Florida</subfield><subfield code="c">Pinellas</subfield><subfield code="d">Largo.</subfield></datafield><datafield ind1=" " ind2=" " tag="850"><subfield code="a">FU</subfield></datafield></record>